@article{astrand:eke,
   author = {Astrand, M.},
   title = {Contrast Normalization of Oligonucleotide Arrays},
   journal = {Journal of Computational Biology},
   volume = {10},
   number = {1},
   pages = {95-102},
   year = {2003}
}


@article{lcms,
	author = {Zhang, X., Asara, JM., Adamec, J., Ouzzani, M., Elmagarmid, AK.},
	title = {Data pre-processing in liquid chromatography-mass spectrometry-based proteomics.},
	journal = {Bioinformatics},
	volume = {21},
	number = {21},
	pages = {4054-9},
	year = {2005}
}
@article{lcms2,
	author = {Lommen, A.},
	title = {MetAlign: Interface-driven, versatile metabolomics tool for hyphenated full-scan mass spectrometry data preprocessing.},
	journal = {Analytical Chemistry},
	volume = {81},
	pages = {3079?3086},
	year = {2009}
}

@article{specdeco,
	author = {Wei, X., Shi, X., Kim,S., Patrick,J.S., Binkley, J., Kong,M.,McClain, C. and Zhang, X.},
	title = {Data Dependent Peak Model Based Spectrum Deconvolution for
	Analysis of High Resolution LC-MS Data.},
	journal = {Analytical Chemistry},
	volume = {86},
	pages = {2156?2165},
	year = {2014}
}

@article{xic,
	author = {Aoshima, K.,et al.},
	title = {A simple peak detection and label-free quantitation algorithm for chromatography-mass spectrometry.},
	journal = {BMC Bioinformatics},
	volume = {15},
	number = {1},
	pages = {376},
	year = {2014}
}

@article{fld,
	author = { E. Alexandre-Cortizo ,  M. Rosa-Zurera ,  F. Lopez-Ferreras},
	title = {Application of Fisher Linear Discriminant Analysis to Speech/Music Classification.},
	journal = {EUROCON 2005-The International Conference on "Computer as a Tool"},
	year = {2005}
}

@article{outlier,
	author = { Patcha, A. and J.-M. Park},
	title = {An overview of anomaly detection techniques: Existing solutions and latest
	technological trends.},
	journal = {Computer networks},
	volume = {51},
	pages = {3448?3470},
	year = {2007}
}
@article{outlier2,
	author = { Hodge, V. J. and J. Austin},
	title = {A survey of outlier detection methodologies.},
	journal = {Artificial intelligence review},
	volume = {22},
	pages = {85-126},
	year = {2004}
}
@article{metsign,
	author = { Wei, X. et. al.},
	title = {MetSign: A Computational Platform for High-Resolution Mass
	Spectrometry-Based Metabolomics.},
	journal = {Analytical Chemistry},
	volume = {83},
	pages = {7668-7675},
	year = {2011}
}

@article{tukey,
	author = {Tukey, J. W.},
	title = {Exploratory Data Analysis},
	journal = {Addison-Wesley, Reading, MA},
	year = {1977}
}
@article{grubbs,
	author = {Grubbs, F.},
	title = {Procedures for Detecting Outlying Observations in Samples},
	journal = { Technometrics},
	volume = {11},
	number = {1},
	pages = {1-21},
	year = {1969}
}

@article{stefansky,
	author = {Stefansky, W.},
	title = {Rejecting Outliers in Factorial Designs},
	journal = { Technometrics},
	volume = {14},
	pages = {469-479},
	year = {1972}
}

@article{Rosner,
	author = {Rosner, B.},
	title = {Percentage Points for a Generalized ESD Many-Outlier Procedure},
	journal = { Technometrics},
	volume = {25},
	number = {2},
	pages = {165-172},
	year = {1983}
}

@article{boris,
	author = {Boris, I. and D, H.},
	title = {Volume 16: How to Detect and Handle Outliers},
	journal = { The ASQC Basic References in Quality Control: Statistical Techniques. Edward F. Mykytka, Ph.D., Editor},
	year = {1993}
}

@article{kimber,
	author = {Kimber, A. C.},
	title = {Tests for Many Outliers in an Exponential Sample},
	journal = { Applied Statistics},
	volume = {31},
	pages = {263-271},
	year = {1982}
}


@article{kimber2,
	author = {Kimber, A. C.},
	title = {Exploratory Data Analysis for Possibly Censored
	Data from Skewed Distributions},
	journal = { Applied Statistics},
	volume = {39},
	pages = {21-30},
	year = {1990}
}

@article{ali,
	author={Shahrjooihaghighi, A., Frigui, H., Zhang, X., Wei, X., Shi, B. and Trabelsi, A.},
	title={An Ensemble Feature Selection Method for Biomarker Discovery},	
	journal={Signal Processing and Information Technology (ISSPIT), 2017 IEEE International Symposium on},
	year={2017},
}

@article{mve,
	author = {Abou-Moustafa K.T., Ferrie F.P.},
	title = {The Minimum Volume Ellipsoid Metric},
	journal = { In: Hamprecht F.A., Schnörr C., Jähne B. (eds) Pattern Recognition. DAGM 2007. Lecture Notes in Computer Science},
	volume = {4713},
	year = {2007}
}


@article{bolstad:eke:2,
   author = {Bolstad,B. M., Irizarry, R. A., Astrand, M and Speed, T.P.},
   title = {A Comparison of Normalization Methods for High Density Oligonucleotide Array Data Based on Variance and Bias},
   journal = {Bioinformatics},
   volume = {19},
   number = {2},
   pages = {185-193},
   year = {2003}
}

@article{Wu,
   author = {Wu, Y., Li, L.},
   title = {Sample normalization methods in quantitative metabolomics},
   journal = {Journal of Chromatography A},
   volume = {1430},
   pages = {79},
   year = {2016}
}

@article{Sysi,
   author = {Sysi-Aho, M., Katajamaa,M., Yetukuri, L. and Oresic, M.},
   title = {Normalization method for metabolomics data using optimal selection of multiple internal standards},
   journal = {BMC Bioinformatics},
   volume = {8},
   pages = {93},
   year = {2007}
}

@article{berg:tar,
   author = {Van Den Berg, R. A.},
   title = {Centering, scaling, and transformations: improving the biological information content of metabolomics data},
   journal = {BMC Genomics},
   year = {2006}
}

@article{dudoit,
   author = {Dudoit,S. Fridlyand, J. Speed,P.},
   title = {Comparison of discrimination methods for classification of tumors using gene expression data},
   journal = { J. Amer. Statist. Assoc},
   pages = {77-87},
   volume = {97},
   year = {2002}
}

@article{dudoit2,
   author = {Dudoit,S. Yang, Y.H., Callow,J.M. and Speed, T.P.},
   title = {Statistical Methods for Identifying Expressed Genes in Replicated cDNA Microarray Experiments},
   journal = { Statistica Sinica},
   pages = {111-139},
   volume = {12},
   year = {2002}
}

@article{clevland,
   author = {Clevland, W. S. and Devlin, S. J.},
   title = {Locally Weighted Regression: An Approach to Regression Analysis by Local Fitting},
   journal = {Journal of the American Statistical Association},
   volume = {83},
   pages = {596-610},
   year = {1988}
}

@article{ballman,
   author = {Ballman, KV., Grill, DE., Oberg, AL. and Therneau, TM.},
   title = {Faster cyclic loess: normalizing RNA arrays via linear models},
   journal = {Bioinformatics},
   volume = {20(16)},
   pages = {2778-86},
   year = {2004}
}

@article{edwards,
   author = {Edwards, D.},
   title = {Non-linear normalization and background
correction in one-channel cDNA microarray
studies},
   journal = {Bioinformatics},
   volume = {19},
   number = {7},
   pages = {825–833},
   year = {2003}
}

@article{hochreiter,
   author = {Hochreiter, S., Clevert, D., Obermayer, K.},
   title = {A new summarization method for affymetrix probe level data},
   journal = {Bioinformatics},
   volume = {22},
   number = {8},
   pages = {943–949},
   year = {2006}
}

@article{li,
   author = {Li, B.},
   title = {NOREVA: normalization and evaluation of MS-based
metabolomics data},
   journal = {Nucleic Acids Research},
   volume = {45},
   number = {Web Server issue W163},
   year = {2017}
}

@article{keller,
   author = {Keller, HR., Massart, DL., Liang, YZ., Kvalheim, OM.},
   title = {Evolving factor analysis in the presence of heteroscedastic noise},
   journal = {Anal Chim Acta},
   volume = {263},
   pages = {29-36},
   year = {2017}
}

@article{boxcox,
   author = {Sakia, R. M.},
   title = {The Box-Cox transformation technique: a review.},
   journal = {The Statistician},
   volume = {41},
   pages = {169-178},
   year = {1992}
}
@article{christin,
   author = {Christin,C.},
   title = {A Critical Assessment of Feature Selection Methods for Biomarker Discovery in Clinical Proteomics.},
   journal = {Molecular and Cellular Proteomics},
   year = {2013}
}