@article{1,
   author = {Md. Atikur Rahman},
   title = {A Review on Semiconductors Including Applications and Temperature Effects in Semiconductors},
   journal = {American Scientific Research Journal for Engineering and Technology and Sciences },
   volume = {},
   number = {},
   pages = {2313-4410},
   year = {}
}

@article{2,
   author = {Md. Atikur Rahman},
   title = {A Review on Semiconductors Including Applications and Temperature Effects in Semiconductors},
   journal = {American Scientific Research Journal for Engineering and Technology and Sciences },
   volume = {},
   number = {},
   pages = {2313-4410},
   year = {}
} 


@article{3,
  title={“Design” in chemical synthesis—An illusion?},
  author={Jansen, Martin and Sch{\"o}n, J Christian},
  journal={Angewandte Chemie International Edition},
  volume={45},
  number={21},
  pages={3406--3412},
  year={2006},
  publisher={Wiley Online Library}
}

@article{4,
  title={Density Functional Theory of Atoms and MoleculesOxford Univ},
  author={Parr, RG and Yang, W},
  journal={Press, New York},
  year={1989}
}
@article{5,
  title={Inhomogeneous electron gas},
  author={Hohenberg, Pierre and Kohn, Walter},
  journal={Physical review},
  volume={136},
  number={3B},
  pages={B864},
  year={1964},
  publisher={APS}
}

@article{6,
  title={Self-consistent equations including exchange and correlation effects},
  author={Kohn, Walter and Sham, Lu Jeu},
  journal={Physical review},
  volume={140},
  number={4A},
  pages={A1133},
  year={1965},
  publisher={APS}
}
@article{7,
  title={Commentary on combinatorial chemistry},
  author={Schultz, Peter G},
  journal={Applied Catalysis A: General},
  volume={254},
  number={1},
  pages={3--4},
  year={2003},
  publisher={Elsevier}
}
@article{8,
  title={Combinatorial and high-throughput screening of materials libraries: Review of state of the art},
  author={Potyrailo, Radislav and Rajan, Krishna and Stoewe, Klaus and Takeuchi, Ichiro and Chisholm, Bret and Lam, Hubert},
  journal={ACS combinatorial science},
  volume={13},
  number={6},
  pages={579--633},
  year={2011},
  publisher={ACS Publications}
}

@article{9,
  title={Computational Materials Science and Chemistry for Innovation },
  author={U.S.D. of Energy},
  journal={},
  volume={},
  number={},
  pages={},
  year={2010},
  publisher={Department of Energy Workshop}
}
@article{10,
  title={Materials Genome Initiative for Global Competitiveness },
  author={},
  journal={},
  volume={},
  number={},
  pages={},
  year={2011},
  publisher={National Science and Technology Counci}
}
@article{11,
  title={Materials genome initiative and energy},
  author={Patel, Prachi},
  journal={MRS bulletin},
  volume={36},
  number={12},
  pages={964},
  year={2011},
  publisher={Cambridge University Press}
}